@misc{directxtk,
    author    = "Microsoft",
    title     = "DirectX Tool Kit",
    howpublished = "\url{https://github.com/Microsoft/DirectXTK}"
}

@misc{d3dtemplate,
    author    = "Chuck Walbourn",
    title     = "Direct3D Game VS project templates",
    howpublished = "\url{https://github.com/walbourn/directx-vs-templates}"
}

@misc{directxtkwiki,
    author    = "Microsoft",
    title     = "DirectX Tool Kit Wiki",
    howpublished = "\url{https://github.com/Microsoft/DirectXTK/wiki}"
}